<?xml version="1.0" encoding="UTF-8"?><record xmlns="http://www.loc.gov/MARC21/slim" xmlns:cinclude="http://apache.org/cocoon/include/1.0" xmlns:zs="http://www.loc.gov/zing/srw/">
  <leader>00680cz  a2200169n  4500</leader>
  <controlfield tag="001">n  95025628 </controlfield>
  <controlfield tag="003">DLC</controlfield>
  <controlfield tag="005">20050129071239.0</controlfield>
  <controlfield tag="008">950316n| acannaabn          |a aaa      </controlfield>
  <datafield tag="010" ind1=" " ind2=" ">
    <subfield code="a">n  95025628 </subfield>
  </datafield>
  <datafield tag="035" ind1=" " ind2=" ">
    <subfield code="a">(OCoLC)oca03795139</subfield>
  </datafield>
  <datafield tag="040" ind1=" " ind2=" ">
    <subfield code="a">DLC</subfield>
    <subfield code="c">DLC</subfield>
    <subfield code="d">SaPrNL</subfield>
  </datafield>
  <datafield tag="100" ind1="1" ind2=" ">
    <subfield code="a">Lipkin, Mike</subfield>
  </datafield>
  <datafield tag="400" ind1="1" ind2=" ">
    <subfield code="a">Lipkin, Michael Ross</subfield>
  </datafield>
  <datafield tag="670" ind1=" " ind2=" ">
    <subfield code="a">Revelling in the wild, c1993:</subfield>
    <subfield code="b">t.p. (Mike Lipkin) p. opposite t.p. (managing dir., founder of Touch The Sky--The Imagination Company, an internat'l marketing consultancy based in Johannesburg)</subfield>
  </datafield>
  <datafield tag="670" ind1=" " ind2=" ">
    <subfield code="a">SANB correspondence with author, Jan. 30, 1994</subfield>
    <subfield code="b">(full name: Lipkin, Michael Ross; b. Apr. 20, 1958)</subfield>
  </datafield>
  <datafield tag="700" ind1="1" ind2="7">
    <subfield code="a">Lipkin, Mike,</subfield>
    <subfield code="d">1958-</subfield>
    <subfield code="2">sanb</subfield>
  </datafield>
</record>